<?xml version="1.0" encoding="UTF-8"?><collection xmlns="http://www.loc.gov/MARC21/slim"><record><leader>00398nam--2200133-i-4500</leader><controlfield tag="001">000012566</controlfield><controlfield tag="002">20161230</controlfield><controlfield tag="005">20161230201029</controlfield><controlfield tag="008">060222s1000------------r-----000-0-eng-d</controlfield><datafield ind1=" " ind2=" " tag="080"><subfield code="a">519.687.7</subfield></datafield><datafield ind1=" " ind2=" " tag="100"><subfield code="a">Brignell, John E. And Rhodes, Godfrey M</subfield></datafield><datafield ind1=" " ind2=" " tag="245"><subfield code="a">Laboratory on-line computing. an introduc tion for engineers  and physicists</subfield></datafield><datafield ind1=" " ind2=" " tag="260"><subfield code="a">London, Intertext Books, 1975 297 P</subfield></datafield><datafield ind1=" " ind2=" " tag="852"><subfield code="a">45678</subfield></datafield></record></collection>